@misc{introduction:relevance:gartner,
    author = {Woods, Viveca and van der Meulen, Rob},
    title = {Gartner Says Worldwide Wearable Devices Sales to Grow 18.4 Percent in 2016},
    howpublished = {\url{http://www.gartner.com/newsroom/id/3198018}},
    year = {2016},
    note = {[07.07.2016]},
}

@misc{introduction:work:scrum,
    author = {Johnson, Eva},
    title = {{Why is Scrum so Popular? Why is Scrum So Successful?}},
    howpublished = {\url{https://intland.com/blog/agile/scrum/why-is-scrum-so-popular-why-is-scrum-so-successful/}},
    year = {2015},
    note = {[11.09.2016]},
}

@misc{preStudy:scrum:zenhub,
    author = {{CA Technologies}},
    title = {{Frequently Asked Questions}},
    howpublished = {\url{https://www.zenhub.com/support}},
    year = {2015},
    note = {[25.06.2016]},
}

@misc{preStudy:devices:companies,
	author = {{Net Applications}},
	title = {{Mobile/Tablet Operating System Market Share}},
	howpublished = {\url{https://www.netmarketshare.com/operating-system-market-share.aspx?qprid=8&qpcustomd=1&qpsp=2016&qpnp=1&qptimeframe=Y&qpct=3}},
	year = {2016},
	note = {[27.09.2016]},
}

@misc{preStudy:devices:apple,
	author = {{Apple, Inc.}},
	title = {{App Store Support}},
	howpublished = {\url{https://developer.apple.com/support/app-store/}},
	year = {2016},
	note = {[16.08.2016]},
}

@misc{preStudy:devices:android,
	author = {{Android}},
	title = {{Dashboards}},
	howpublished = {\url{https://developer.android.com/about/dashboards/index.html#Platform}},
	year = {2016},
	note = {[16.08.2016]},
}

@misc{preStudy:frameworks:nativescript,
    author = {Stoychev, Valio},
    title = {{NativeScript 2.0 - the best way to build cross-platform native mobile apps}},
    howpublished = {\url{https://www.nativescript.org/blog/details/nativescript-2.0---the-best-way-to-build-cross-platform-native-mobile-apps}},
    year = {2016},
    note = {[29.06.2016]},
}

@misc{marketAnalysis:holypie,
    author = {Zhi Dian},
    title = {{Holy Pie Smart Racket: For Badminton and Tennis}},
    howpublished = {\url{https://www.kickstarter.com/projects/107521314/holy-pie-smart-racket-for-badminton-and-tennis/description}},
    year = {2014},
    note = {[09.06.2016]},
}

@misc{marketAnalysis:sotxsite,
    author = {{SOTX Sports Equipment Company, Ltd.}},
    title = {{SOTX Smart Badminton Racquet}},
    howpublished = {\url{http://www.sotxsports.com/en/html/news/list-257.html}},
    year = {2016},
    note = {[09.06.2016]},
}

@misc{marketAnalysis:sotxapp,
    author = {Wong, Perry},
    title = {{''Smart Racquet'' advance technology in badminton sport}},
    howpublished = {\url{https://www.linkedin.com/pulse/smart-racquet-advance-technology-badminton-sport-perry-wong-1}},
    year = {2016},
    note = {[09.06.2016]},
}

@misc{marketAnalysis:sotxhw,
    author = {Hongzuo, Liu},
    title = {{SOTXâ€™s badminton tracking Smart Racquet now available in Singapore}},
    howpublished = {\url{http://www.hardwarezone.com.sg/tech-news-sotx-s-badminton-tracking-smart-racquet-now-available-singapore}},
    year = {2016},
    note = {[09.06.2016]},
}

@misc{marketAnalysis:holypi,
    author = {{Shenzhen Earth Electronics, Ltd.}},
    title = {{Holy Pi}},
    howpublished = {\url{http://www.szearth.com/en/index.html}},
    year = {2016},
    note = {[09.06.2016]},
}

@misc{marketAnalysis:usense,
    author = {{Voices of Spring}},
    title = {{USENSE}},
    howpublished = {\url{http://goo.gl/vvoBov}},
    year = {2016},
    note = {[09.06.2016]},
}

@misc{minimalProject:sample:nativescript,
    author = {{NativeScript}},
    title = {{Groceries}},
    howpublished = {\url{https://github.com/NativeScript/sample-Groceries}},
    year = {2016},
    note = {[06.09.2016]},
}

@misc{minimalProject:sample:apollo,
    author = {{Apollo Stack}},
    title = {{angular2-apollo}},
    howpublished = {\url{https://github.com/apollostack/angular2-apollo}},
    year = {2016},
    note = {[06.09.2016]},
}

@misc{architecture:ng,
    author = {{Angular}},
    title = {{Architecture Overview}},
    howpublished = {\url{https://angular.io/docs/ts/latest/guide/architecture.html}},
    year = {2016},
    note = {[25.10.2016]},
}

@misc{facebook:viewer,
    author = {{Hurrell, Greg}},
    title = {{Unofficial Relay FAQ}},
    howpublished = {\url{https://gist.github.com/wincent/598fa75e22bdfa44cf47#how-does-graphql-know-what-type-of-data-is-being-requested-by-a-node-root-call}},
    year = {2015},
    note = {[22.11.2016]},
}

@misc{authentication:uuid,
    author = {{Wikipedia}},
    title = {{Universally unique identifier}},
    howpublished = {\url{https://en.wikipedia.org/wiki/Universally_unique_identifier#Version_4_.28random.29}},
    year = {2016},
    note = {[22.11.2016]},
}

@misc{dependencies:nativescript,
    author = {{NativeScript}},
    title = {{Buy UI for NativeScript}},
    howpublished = {\url{http://www.telerik.com/purchase/nativescript-ui}},
    year = {2016},
    note = {[28.11.2016]},
}

@misc{testing:nativescript,
    author = {{NativeScript}},
    title = {{Unit Testing}},
    howpublished = {\url{https://docs.nativescript.org/tooling/testing#unit-testing}},
    year = {2016},
    note = {[26.11.2016]},
}
