@misc{preStudy:scrum:zenhub,
    author = {{CA Technologies}},
    title = {{Frequently Asked Questions}},
    howpublished = {\url{https://www.zenhub.com/support}},
    year = {2015},
    note = {[25.06.2015]},
}
